<record><leader>00000cas a22000007a 4500</leader><controlfield tag="001">30414976</controlfield><controlfield tag="008">940510d19491952azuwr ne      0    0eng d</controlfield><datafield ind1=" " ind2=" " tag="010"><subfield code="a">sn 94050885 </subfield></datafield><datafield ind1=" " ind2=" " tag="040"><subfield code="a">ANN</subfield><subfield code="b">eng</subfield><subfield code="c">ANN</subfield><subfield code="d">OCLCQ</subfield><subfield code="d">OCLCO</subfield></datafield><datafield ind1="1" ind2=" " tag="029"><subfield code="a">AU@</subfield><subfield code="b">000010972357</subfield></datafield><datafield ind1=" " ind2=" " tag="042"><subfield code="a">msc</subfield></datafield><datafield ind1=" " ind2=" " tag="043"><subfield code="a">n-us-az</subfield></datafield><datafield ind1="0" ind2=" " tag="130"><subfield code="a">Jet trails (Williams Air Force Base, Ariz.)</subfield></datafield><datafield ind1="1" ind2="0" tag="245"><subfield code="a">Jet trails.</subfield></datafield><datafield ind1=" " ind2=" " tag="260"><subfield code="a">[Chandler, Ariz.] :</subfield><subfield code="b">Jet Pub. Co.</subfield></datafield><datafield ind1=" " ind2=" " tag="300"><subfield code="a">v. :</subfield><subfield code="b">ill.</subfield></datafield><datafield ind1=" " ind2=" " tag="310"><subfield code="a">Weekly</subfield></datafield><datafield ind1="0" ind2=" " tag="362"><subfield code="a">Vol. 1, no. 1 (June 10, 1949)-</subfield></datafield><datafield ind1="1" ind2=" " tag="362"><subfield code="a">Ceased in Oct. 1952.</subfield></datafield><datafield ind1=" " ind2=" " tag="515"><subfield code="a">New numbering begins with v. 1, no. 1 (Sept. 20, 1949).</subfield></datafield><datafield ind1=" " ind2="0" tag="650"><subfield code="a">Military newspapers</subfield><subfield code="z">Williams Air Force Base (Ariz.)</subfield><subfield code="v">Newspapers.</subfield></datafield><datafield ind1=" " ind2="0" tag="650"><subfield code="a">Air bases</subfield><subfield code="z">Arizona</subfield><subfield code="z">Chandler</subfield><subfield code="v">Newspapers.</subfield></datafield><datafield ind1=" " ind2="0" tag="651"><subfield code="a">Williams Air Force Base (Ariz.)</subfield><subfield code="v">Newspapers.</subfield></datafield><datafield ind1=" " ind2=" " tag="752"><subfield code="a">United States</subfield><subfield code="b">Arizona</subfield><subfield code="c">Maricopa</subfield><subfield code="d">Chandler.</subfield></datafield><datafield ind1="0" ind2="0" tag="785"><subfield code="t">Jet gazette (Williams Air Force Base, Ariz.)</subfield><subfield code="w">(DLC)sn 94050880</subfield></datafield></record>